@book{modern_crypto,
    title = {Introduction to Modern Cryptography},
    edition = {Second edition.},
    author = {J. Katz and Y. Lindell},
    isbn = {9781466570269},
    series = {Chapman \& hall/crc cryptography and network security series},
    year = {2015},
    publisher =  {Boca Raton : CRC Press/Taylor \& Francis},
}
@ebook{joyofcryptography,
    title        = "The Joy of Cryptography",
    author       = "M. Rosulek",
    url          = "https://joyofcryptography.com"
} 
@online{saber,
    author = {A. Basso et al.},
    title = {SABER: Mod-LWR based KEM},
    url = {https://www.esat.kuleuven.be/cosic/pqcrypto/saber/files/saberspecround3.pdf},
}
@online{crystals,
    author = {R. Avanzi et al.},
    title = {CRYSTLS-KYBER, Algorithm Specifications and Supporting Documents},
    url = {https://pq-crystals.org/kyber/data/kyber-specification-round3-20210804.pdf},
}
@online{LWR,
    author = {J. Alwen et al.},
    title = {Learning with Rounding, Revisited},
    url = {https://link.springer.com/content/pdf/10.1007%2F978-3-642-40041-4_4.pdf}
}
