@book{modern_crypto,
    title = {Introduction to Modern Cryptography},
    edition = {Second edition.},
    author = {J. Katz and Y. Lindell},
    isbn = {9781466570269},
    series = {Chapman \& hall/crc cryptography and network security series},
    year = {2015},
    publisher =  {Boca Raton : CRC Press/Taylor \& Francis},
}
@ebook{joyofcryptography,
    title        = "The Joy of Cryptography",
    author       = "M. Rosulek",
    url          = "https://joyofcryptography.com"
} 
@online{saber,
    author = {A. Basso et al.},
    title = {SABER: Mod-LWR based KEM},
    url = {https://www.esat.kuleuven.be/cosic/pqcrypto/saber/files/saberspecround3.pdf},
}
@online{crystals,
    author = {R. Avanzi et al.},
    title = {CRYSTLS-KYBER, Algorithm Specifications and Supporting Documents},
    url = {https://pq-crystals.org/kyber/data/kyber-specification-round3-20210804.pdf},
}
@online{LWR,
    author = {J. Alwen et al.},
    title = {Learning with Rounding, Revisited},
    url = {https://link.springer.com/content/pdf/10.1007%2F978-3-642-40041-4_4.pdf}
}
@online{GGH,
    author = {K. Ludwig},
    title = {The GGH Cryptosystem},
    url = {https://kel.bz/post/lattices/},
}
@online{kyber,
    author = {J. Bos et al.},
    title = {CRYSTALS - Kyber: a CCA-secure module-lattice-based KEM},
    url = {https://ieeexplore.ieee.org/stamp/stamp.jsp?tp=&arnumber=8406610},
}
@article{Regev,
    author = {Regev, Oded},
    title = {On Lattices, Learning with Errors, Random Linear Codes, and Cryptography},
    year = {2009},
    publisher = {Association for Computing Machinery},
    issn = {0004-5411},
    url = {https://doi.org/10.1145/1568318.1568324},
    doi = {10.1145/1568318.1568324},
    journal = {J. ACM},
    articleno = {34},
}
@InProceedings{10.1007/978-3-319-70694-8_10,
    author="Albrecht, Martin R. and Deo, Amit",
    title="Large Modulus Ring-LWE {\$}{\$}{\backslash}ge {\$}{\$}Module-LWE",
    booktitle="Advances in Cryptology -- ASIACRYPT 2017",
    year="2017",
    publisher="Springer International Publishing",
    isbn="978-3-319-70694-8"
}
@misc{cryptoeprint:2019:930,
    author       = {Yang Wang and Mingqiang Wang},
    title        = {Module-LWE versus Ring-LWE, Revisited},
    howpublished = {Cryptology ePrint Archive, Report 2019/930},
    year         = {2019},
    note         = {\url{https://ia.cr/2019/930}},
}
@InProceedings{10.1007/978-3-319-96878-0_4,
    author="Jiang, Haodong and Zhang, Zhenfeng and Chen, Long and Wang, Hong and Ma, Zhi",
    title="IND-CCA-Secure Key Encapsulation Mechanism in the Quantum Random Oracle Model, Revisited",
    booktitle="Advances in Cryptology -- CRYPTO 2018",
    year="2018",
    publisher="Springer International Publishing",
    isbn="978-3-319-96878-0"
}

  